@Book{sometag,
	author = {Some Person},
	title = {An awesome title},
	year = {1900},
	publisher = {Foo},
}
@Article{someother,
	author = {Some Otherperson},
	title = {Another title},
	year = {1900},
}
