@misc{Binary_advantages,
	title = {{3.3. Binary and Its Advantages {\ifmmode---\else\textemdash\fi} CS160 Reader}},
	year = {2022},
	month = sep,
	note = {[Online; accessed 12. Aug. 2024]},
	url = {https://computerscience.chemeketa.edu/cs160Reader/Binary/Binary.html}
}
