@misc{Binary_advantages,
	title = {3.3. Binary and Its Advantages CS160 Reader},
	year = {2022},
	month = sep,
	note = {[Online; accessed 12. Aug. 2024]},
	url = {https://computerscience.chemeketa.edu/cs160Reader/Binary/Binary.html}
},
@Book{cicero-tuscu2011,
 author     = {Cicero, Marcus Tullius},
 editor     = {Fohlen, G.},
 publisher  = {Les Belles Lettres},
 title      = {Tusculanes},
 year       = {2011},
 address    = {Paris},
 edition    = {7e tirage},
 isbn       = {9782251010830},
 series     = {Å“uvres philosophiques},
 volume     = {1},
 ppn_gvk    = {1823774121},
 translator = {Jules Humbert},
}
